<record><leader>00000cas a22000007a 4500</leader><controlfield tag="001">16788334</controlfield><controlfield tag="008">870930d19161928iauwr ne      0    0eng d</controlfield><datafield ind1=" " ind2=" " tag="010"><subfield code="a">sn 87057921 </subfield></datafield><datafield ind1=" " ind2=" " tag="040"><subfield code="a">INP</subfield><subfield code="b">eng</subfield><subfield code="c">INP</subfield><subfield code="d">OCLCQ</subfield></datafield><datafield ind1=" " ind2=" " tag="042"><subfield code="a">msc</subfield></datafield><datafield ind1="0" ind2=" " tag="130"><subfield code="a">Strawberry Point press (Strawberry Point, Iowa : 1916)</subfield></datafield><datafield ind1="1" ind2="0" tag="245"><subfield code="a">Strawberry Point press.</subfield></datafield><datafield ind1="3" ind2="0" tag="246"><subfield code="a">Strawberry Point mail press</subfield></datafield><datafield ind1=" " ind2=" " tag="260"><subfield code="a">Strawberry Point, Iowa :</subfield><subfield code="b">R.R. Clark,</subfield><subfield code="c">1916-</subfield></datafield><datafield ind1=" " ind2=" " tag="300"><subfield code="a">v.</subfield></datafield><datafield ind1=" " ind2=" " tag="310"><subfield code="a">Weekly</subfield></datafield><datafield ind1="0" ind2=" " tag="362"><subfield code="a">Vol. no. 42, no. 26 (June 29, 1916)-</subfield></datafield><datafield ind1="1" ind2=" " tag="362"><subfield code="a">Ceased in 1928.</subfield></datafield><datafield ind1=" " ind2=" " tag="752"><subfield code="a">United States</subfield><subfield code="b">Iowa</subfield><subfield code="c">Clayton</subfield><subfield code="d">Strawberry Point.</subfield></datafield><datafield ind1="0" ind2="0" tag="780"><subfield code="t">Strawberry Point mail-press</subfield><subfield code="w">(DLC)sn 87057922</subfield></datafield><datafield ind1="0" ind2="7" tag="785"><subfield code="t">Edgewood journal</subfield><subfield code="w">(DLC)sn 87058094</subfield></datafield><datafield ind1="0" ind2="7" tag="785"><subfield code="t">Clayton County press-journal</subfield></datafield></record>